% https://www.bibtex.com/e/entry-types/

@book{kohn:book,
  title =      {Ungrading: Why Rating Students Undermines Learning (and What to Do Instead) (Teaching and Learning in Higher Education)},
  author =     {Kohn, Alfie and Blum, Susan D.},
  publisher =  {West Virginia University Press},
  isbn =       {1949199827,9781949199826,9781949199833},
  year =       {2020},
  series =     {},
  edition =    {},
  volume =     {},
  url =        {}
}

@article{blum:article,
  author = {Blum, Susan},
  year = {2017},
  month = {11},
  pages = {},
  title = {The significant learning benefits of getting rid of grades},
  journal = {Inside Higher Ed},
  url = {https://www.insidehighered.com/advice/2017/11/14/significant-learning-benefits-getting-rid-grades-essay}
}

@inproceedings{sutherland,
  author          = {Sutherland, Stuart and Mills, Don},
  title           = {Synthesizing SystemVerilog: Busting the Myth that SystemVerilog is only for Verification},
  series          = {Synopsys Users Group (SNUG) Silicon Valley conference, Santa Clara, California},
  month           = {March},
  year            = {2013}
}
