%Thou shalt cite Maldacena.
@article{Maldacena:1997re,
      author         = "Maldacena, Juan Martin",
      title          = "{The Large N limit of superconformal field theories and
                        supergravity}",
      journal        = "Adv.Theor.Math.Phys.",
      volume         = "2",
      pages          = "231-252",
      year           = "1998",
      eprint         = "hep-th/9711200",
      archivePrefix  = "arXiv",
      primaryClass   = "hep-th",
      reportNumber   = "HUTP-98-A097",
      SLACcitation   = "%%CITATION = HEP-TH/9711200;%%",
}

@book{joesbook,
  title = {String Theory, Volumes 1 and 2},
  publisher = {Cambridge University Press},
  year = {2005},
  author = {Joseph {Polchinski}},
  address = {Cambridge},
  edition = {first},
  owner = {public domain},
  timestamp = {}
}